3180 5018
708 246 883 301 Remissoria.
1347 248 1406 310 101

184 423 311 488 soledos
335 422 395 487 CC.
442 425 471 486 2.
503 422 538 486 81
566 424 638 505 quis
665 423 730 488 alio
758 425 875 489 herbas
905 424 1030 488 dederit
1052 423 1162 487 bibere
1185 430 1222 487 ut
1244 423 1410 503 moriatur,

183 530 309 594 soledos
338 529 388 594 CC
417 529 586 611 culpabilis
613 530 782 595 iudicetur.
829 535 858 596 3.
893 531 928 595 Si
955 532 1028 612 quis
1055 530 1218 594 hominem
1246 528 1410 594 Francum

182 637 372 700 involaverit
394 643 428 700 et
449 636 604 715 venderit,
628 637 756 702 soledos
773 638 824 703 CC
847 637 1018 719 culpabilis
1040 637 1210 700 iudicetur.
1244 640 1273 700 4.
1289 635 1323 700 Si
1339 637 1410 718 quis

182 744 292 826 puella
318 744 459 825 ingenua
482 744 643 823 occiserit,
676 744 802 809 soledos
826 743 886 809 CC.
933 748 962 808 5.
991 743 1025 808 81
1048 744 1120 825 quis
1146 742 1278 807 basilica
1301 743 1409 806 incen-

183 851 279 930 derit,
312 849 440 914 soledos
464 849 523 914 CC.
571 854 600 914 6.
632 850 666 915 81
696 852 767 933 quis
796 850 939 932 grafione
964 851 1007 914 ad
1029 871 1081 914 res
1105 851 1226 914 alienas
1249 849 1410 914 tollendas

181 958 364 1021 invitaverit
387 962 420 1021 et
441 956 605 1038 legiptime
629 979 703 1020 eum
726 959 878 1022 iactivum
904 963 961 1022 aut
982 957 1150 1021 malletum
1171 978 1236 1021 non
1251 956 1410 1034 habuerit,

182 1065 237 1127 ille
270 1064 326 1145 qui
358 1084 431 1127 eum
463 1069 558 1146 rogat
589 1070 626 1128 ut
654 1065 794 1129 iniustae
821 1064 917 1129 tollat
944 1071 1118 1146 antequam
1144 1063 1243 1128 fuerit
1270 1070 1302 1127 et
1327 1062 1409 1126 fides

182 1170 271 1234 facta
292 1169 404 1250 fuerit,
438 1170 565 1234 soledos
590 1169 649 1234 CC.
698 1175 725 1236 7.
754 1170 788 1236 Si
812 1172 884 1254 quis
907 1173 1017 1253 puella
1040 1177 1192 1252 sponsata
1215 1171 1328 1234 dructe
1352 1169 1409 1233 du-

183 1285 276 1341 cente
304 1277 346 1341 ad
369 1278 486 1340 marito
511 1277 645 1341 alicuius
668 1279 702 1340 in
726 1279 777 1341 via
802 1298 873 1342 eam
897 1278 1074 1342 adsallierit
1097 1283 1130 1342 et
1153 1298 1227 1340 cum
1250 1277 1408 1359 11111111-

181 1383 285 1448 lenter
307 1384 475 1448 mechatus
497 1383 603 1463 fuerit,
628 1384 753 1448 soledos
778 1383 837 1448 CC.

569 1595 656 1666 VII.
689 1595 746 1665 De
770 1594 913 1665 soledis
937 1594 1014 1666 DC.

272 1742 299 1801 1.
324 1737 358 1803 si
381 1740 452 1821 quis
475 1759 610 1820 puerum
635 1739 785 1802 crinitum
805 1739 963 1817 occiserit,
987 1739 1113 1803 soledos
1129 1737 1195 1803 DC.
1234 1745 1263 1801 2.
1287 1737 1321 1802 Si
1337 1739 1409 1820 quis

179 1844 300 1909 femina
331 1846 519 1910 transbattit
546 1851 583 1909 11
609 1845 777 1922 moriatur,
809 1845 935 1909 soledos
958 1844 1024 1909 DC.
1071 1847 1099 1908 3.
1128 1843 1162 1908 81
1190 1846 1261 1927 quis
1289 1844 1409 1909 femina

179 1952 321 2033 ingenua
343 1959 516 2035 postquam
539 1951 678 2015 infantes
703 1953 810 2034 coepit
832 1952 951 2015 habere
976 1957 1009 2016 et
1032 1953 1138 2016 occisa
1153 1951 1257 2030 fuerit,
1282 1950 1408 2016 soledos

179 2057 245 2122 DC.
275 2064 303 2122 4.
320 2058 353 2122 81
370 2059 441 2140 quis
457 2057 599 2140 grafione
617 2059 774 2139 occiserit,
791 2059 917 2123 soledos
933 2058 999 2123 DC.
1029 2063 1058 2123 5.
1074 2057 1108 2123 81
1125 2061 1197 2141 quis
1213 2059 1407 2123 sacebarone

180 2165 336 2244 occiserit,
360 2165 487 2229 soledos
510 2163 577 2228 DC.
618 2169 646 2229 6.
670 2164 704 2228 81
729 2165 799 2247 quis
815 2165 943 2229 Franco
967 2166 1051 2229 inter
1075 2170 1228 2248 quattuor
1251 2165 1332 2229 solia
1355 2186 1406 2229 oc-

180 2272 296 2352 ciserit,
320 2271 445 2335 soledos
468 2271 534 2335 DC.
583 2275 610 2336 7.
634 2271 668 2336 81
692 2273 763 2354 quis
786 2271 934 2335 Francus
957 2270 1121 2336 Francum
1145 2273 1302 2352 occiserit,
1326 2273 1407 2336 sole-

180 2378 236 2441 dos
260 2377 325 2443 DC.

513 2483 622 2556 vm.
655 2484 711 2553 De
734 2482 877 2554 soledis
900 2483 1073 2554 MDCCC.

271 2631 298 2689 1.
327 2625 361 2689 Si
384 2627 456 2708 quis
478 2626 642 2690 hominem
666 2628 842 2707 ingenuum
866 2627 900 2690 in
922 2627 1014 2690 hoste
1039 2627 1189 2690 occiserit
1211 2632 1244 2691 11
1265 2627 1299 2690 11
1322 2647 1406 2693 mor-

180 2733 298 2797 tridam
321 2734 470 2813 mittitur,
494 2732 620 2796 soledos
642 2732 787 2797 MDCCC
811 2733 981 2814 culpabilis
1004 2733 1174 2797 iudicetur.
1221 2737 1250 2797 2.
1275 2733 1310 2799 81
1333 2733 1405 2815 quis

181 2839 355 2920 grafionem
379 2840 528 2904 occiserit
552 2846 585 2904 et
606 2840 639 2903 in
656 2840 817 2904 mordrem
833 2840 964 2919 miserit,
988 2839 1115 2903 soledos
1130 2839 1284 2904 MDCCC.
1323 2844 1352 2904 3.
1372 2840 1406 2906 Si

180 2947 251 3028 quis
279 2945 399 3009 femina
426 2947 569 3028 ingenua
591 2967 653 3028 que
676 2946 809 3010 infantis
831 2947 960 3030 pot(ui)t
982 2946 1100 3010 habere
1124 2952 1158 3011 11
1179 2948 1286 3011 111111
1309 2947 1407 3012 fuerit

87 3098 91 3103 -
180 3059 212 3116 et
234 3052 400 3117 mordrida
422 3052 527 3130 fuerit,
551 3052 679 3116 soledos
697 3051 850 3117 MDCCC.
889 3055 918 3116 4.
943 3051 977 3116 81
1001 3053 1072 3134 quis
1094 3075 1230 3134 puerum
1255 3055 1405 3119 crinitum

180 3160 328 3231 occiserit
360 3164 393 3223 11
423 3160 457 3222 11
488 3159 650 3223 mordrem
682 3160 814 3240 miserit,
845 3159 972 3223 soledos
1004 3158 1159 3224 MDCCC.
1205 3164 1234 3224 5.
1267 3160 1302 3224 81
1334 3162 1405 3243 quis

180 3268 363 3348 episcopum
387 3267 535 3330 occiserit
558 3271 591 3330 et
605 3267 640 3329 in
655 3266 817 3330 mordrem
833 3266 964 3346 miserit,
988 3265 1114 3330 soledos
1129 3265 1283 3332 MDCCC.
1322 3271 1351 3332 6.
1371 3267 1405 3332 81

180 3374 250 3454 quis
278 3372 444 3455 legadario
472 3373 541 3454 regi
569 3373 602 3436 in
625 3373 678 3436 via
700 3373 881 3437 adsallierit
904 3379 937 3437 et
960 3373 1110 3437 occiserit
1133 3379 1165 3437 et
1187 3377 1221 3437 in
1244 3374 1405 3438 mordrem

179 3480 319 3557 miserit,
353 3480 479 3543 soledos
510 3477 656 3543 MDCCC
690 3479 859 3561 culpabilis
891 3479 1061 3543 iudicetur.
1118 3481 1145 3542 7.
1178 3478 1213 3543 81
1245 3482 1316 3562 quis
1349 3503 1405 3545 an-

181 3586 344 3650 drustione
377 3587 432 3668 qui
464 3586 549 3650 inter
576 3585 656 3650 duos
683 3606 775 3668 reges
802 3587 969 3668 pagaverit
996 3587 1052 3667 qui
1076 3607 1149 3650 eum
1172 3586 1351 3652 adsallierit
1373 3595 1407 3653 et

179 3693 325 3756 occiserit
340 3700 373 3756 et
386 3694 420 3756 in
434 3692 597 3756 mordrem
611 3693 743 3772 miserit,
759 3693 886 3757 soledos
896 3691 1041 3757 MDCCC
1051 3692 1221 3773 culpabilis
1235 3693 1405 3759 iudicetur.

235 3885 435 3976 Incipiunt
457 3885 678 3956 sententias
703 3886 751 3956 de
774 3890 925 3976 septem
948 3875 1231 3977 septinaahoc
1253 3892 1347 3958 sunt

608 3992 805 4083 periculus
828 4013 977 4064 causas.

603 4116 800 4183 Grundtext:
825 4118 895 4182 Em.
920 4119 977 4182 Ν*.

488 4244 581 4296 *Dra
601 4244 665 4310 EM,
686 4244 748 4296 Dm.
769 4243 800 4296 H
815 4243 934 4310 (Heracle
952 4245 999 4297 col.
1019 4246 1088 4310 424).

270 4373 296 4431 l.
320 4367 355 4431 81
372 4369 443 4448 quis
458 4367 625 4431 basilicam
640 4367 831 4446 incenderit,
847 4367 966 4431 solidos
983 4366 1033 4432 CC
1050 4365 1218 4448 culpabilis
1234 4365 1405 4433 iudicetur.

182 4477 208 4537 2.
240 4475 275 4539 81
298 4476 371 4556 quis
393 4473 542 4537 Francus
565 4473 727 4537 Franoum
752 4473 919 4552 occiderit,
948 4474 1067 4538 solidos
1092 4472 1142 4538 CC
1166 4471 1333 4554 culpabilis
1357 4475 1404 4537 iu·
