3210 5040
632 277 858 345 Extravaganlia.
983 277 985 282 ’

385 521 386 524 ¹
469 469 557 539 111.*
588 469 1030 542 Deinvictu1strict01.

230 616 255 674 1.
288 611 321 675 Si
351 615 421 694 quis
448 615 531 694 pitto
561 613 694 677 alterius
722 616 901 678 excusserit
929 615 1067 700 [invitu2
1090 612 1245 696 striet0²]‚
1271 610 1362 674 CXX
1390 619 1450 685 §L

137 719 286 781 (lenuries
310 721 364 800 qui
389 718 512 784 faciunt
535 721 654 784 solides
678 720 731 784 ΠΙ
755 721 924 802 culpabilis
947 721 1117 786 iudicetur.

225 827 238 851 *
258 827 320 878 Em.
340 828 367 879 F
383 828 578 894 (Gruudlexl);
600 829 661 880 Ilm.
687 827 727 880 W.
792 829 811 872 -¹
830 829 939 882 inuitus
958 828 1033 881 ultro
1053 829 1115 880 Em.
1144 828 1180 880 W.
1249 826 1362 878 2rmrlb.

136 916 244 967 ursellus
264 916 339 968 mtto
360 917 421 969 er.
448 916 487 969 W.

223 1025 255 1084 2.
289 1021 322 1084 Si
350 1042 424 1085 vero
453 1028 566 1086 eontra
593 1025 788 1087 volontatem
817 1024 937 1087 domini
966 1031 999 1088 et
1026 1044 1143 1105 negare
1171 1021 1308 1086 voluerit
1332 1026 1364 1084 et
1391 1028 1451 1093 §2

138 1130 168 1190 ei
190 1128 287 1191 fuerit
311 1128 537 1209 adprobatum,
566 1130 724 1212 ospitalel
752 1132 903 1195 restituat
931 1138 963 1194 et
990 1132 1122 1211 insuper
1145 1127 1284 1193 MOCCO
1310 1128 1364 1191 de-

137 1235 244 1297 narios
269 1237 323 1316 qui
347 1235 471 1299 faciunt
494 1237 614 1301 solidos
637 1237 767 1302 XXXV
791 1239 959 1319 culpabilis
983 1238 1152 1300 iudicetur.

229 1343 288 1396 ¹u'n
308 1344 394 1396 lorum
414 1344 434 1411 f.
454 1345 479 1397 lz.
500 1345 561 1397 Em.
588 1346 628 1398 W.
720 1345 803 1398 lere.
823 1363 881 1413 cup.
901 1350 927 1398 el
944 1345 1022 1399 delet.
1042 1347 1062 1415 f.
1082 1347 1107 1398 h.
1128 1345 1189 1397 Em.
1219 1345 1256 1395 W.

440 1574 521 1645 1v.*
567 1575 624 1644 De
648 1575 807 1645 cultello
832 1535 1063 1646 sexxaudro.

229 1715 263 1779 Si
294 1718 365 1798 quis
398 1718 492 1781 alleri
525 1718 689 1782 cultellum
721 1717 876 1782 furaverit
907 1725 940 1782 et
968 1720 998 1782 ei
1020 1718 1119 1782 fuerit
1142 1718 1365 1800 adprobatum,

140 1823 245 1903 ipsum
268 1824 302 1886 in
325 1826 397 1887 loeo
421 1825 572 1889 restituat
591 1832 624 1888 et
646 1826 778 1906 insuper
794 1825 850 1890 DO
875 1826 1017 1889 dinarios
1035 1826 1089 1908 qui
1105 1825 1231 1888 faciunt
1246 1823 1365 1907 solides

143 1930 206 1993 XV
231 1931 400 2011 culpabilis
423 1932 592 1996 iudicetur.

231 2041 243 2068 *
261 2055 319 2090 rerer
337 2039 370 2091 ire
391 2045 422 2092 10
442 2040 504 2105 (Pit.
524 2040 674 2106 LXXIII);
693 2041 743 2108 epl.
763 2041 828 2093 uber
843 2040 892 2092 Til.
906 2040 963 2095 VII
981 2041 1046 2107 §X

404 2287 464 2357 Ψ.
509 2288 566 2357 De
589 2288 752 2358 muliere
777 2288 940 2376 gravida
965 2288 1100 2358 occisa.

236 2433 261 2491 1.
308 2429 342 2492 Si
367 2431 438 2511 quis
462 2433 629 2496 mulierem
653 2432 818 2514 gravidam
843 2432 1005 2511 occiderit,
1029 2431 1202 2494 XXllllM
1219 2430 1368 2494 denarios
1396 2434 1413 2501 ἓ
1433 2439 1456 2486 1.

79 2546 93 2562 ·
144 2536 200 2615 qui
216 2535 339 2600 faciunt
354 2537 473 2601 solides
489 2537 546 2602 DC
563 2538 733 2620 culpabilis
749 2539 919 2603 iudicetur.
958 2538 1002 2602 Et
1025 2539 1051 2601 si
1067 2538 1239 2620 probatum
1262 2537 1369 2616 fuerit,

145 2642 231 2722 qued
253 2649 366 2723 partus
389 2644 444 2708 ille
467 2666 548 2726 puer
570 2645 674 2726 fuerit,
699 2646 796 2709 simili
819 2646 1003 2710 conditione
1026 2667 1084 2726 pro
1108 2645 1178 2726 ipse
1195 2665 1295 2726 puero
1313 2641 1369 2707 DC

145 2748 264 2812 solides
288 2749 456 2832 culpabilis
480 2752 648 2817 iudicetur.

235 2857 323 2911 *nur
340 2858 373 2910 lu
393 2865 425 2912 10
443 2860 505 2926 (ru.
519 2861 651 2928 LXXV„
669 2862 718 2928 lyr.
739 2862 803 2914 aler
825 2860 873 2912 ru.
887 2860 986 2913 xxiv
1004 2861 1039 2927 §s
1053 2865 1082 2927 33
1101 2865 1131 2927 43
1150 2859 1192 2922 113
1213 2864 1241 2925 63
1263 2863 1286 2910 r.

236 2952 264 3008 2.
311 2944 345 3010 Si
378 2948 449 3029 quis
476 2949 617 3030 puellam
650 2949 737 3012 intra
764 2949 934 3012 duodecim
962 2969 1063 3011 annes
1092 2969 1193 3029 usque
1223 2946 1264 3009 ad
1293 2946 1370 3009 due·
1397 2951 1457 3018 §2

147 3052 308 3114 decimum
331 3053 500 3135 impletum
524 3056 686 3134 occiderit,
711 3055 830 3120 solidos
854 3054 904 3119 00
929 3053 1097 3136 culpabilis
1120 3053 1288 3117 iudicetur.

236 3163 264 3222 3.
297 3159 331 3223 Si
354 3182 428 3225 vero
452 3163 567 3226 maiori
588 3169 695 3226 aetate
712 3183 814 3244 usque
831 3162 873 3226 ed
889 3162 1122 3243 sexagesimum
1142 3182 1269 3237 annum,
1293 3180 1370 3242 quo·
1398 3165 1415 3231 ξ
1435 3169 1459 3216 3.

147 3287 247 3347 usque
271 3273 400 3348 parturn
424 3268 543 3333 habere
566 3271 721 3351 potuerit,
750 3270 917 3347 occiderit,
941 3268 1114 3332 XXIIHM
1138 3268 1287 3331 denarios
1316 3267 1372 3348 qui

147 3373 270 3436 faciunt
293 3374 413 3438 solidos
436 3375 492 3439 DC
518 3377 686 3458 culpabilis
709 3377 877 3441 iudicetur.

237 3485 266 3545 4.
313 3479 347 3544 Si
369 3488 483 3562 postea
506 3483 605 3548 luerit
628 3484 744 3562 occisa,
768 3484 898 3566 quando
922 3484 987 3547 iam
1004 3489 1133 3565 partum
1153 3483 1290 3566 amplius
1314 3483 1372 3547 ha·
1399 3486 1416 3552 ἓ
1436 3491 1460 3537 4.

147 3588 223 3651 bere
245 3609 311 3652 non
335 3590 486 3670 potuerit,
510 3591 629 3654 solidos
654 3589 704 3655 00
729 3591 899 3673 culpabilis
923 3591 1092 3655 iudicetur.

564 3856 646 3927 VI.*
691 3857 747 3926 De
771 3856 960 3927 delatura.

240 4003 266 4063 1.
313 3999 347 4063 Si
380 4001 450 4081 quis
482 4000 643 4064 homiuem
677 4000 831 4064 occiderit
859 4007 891 4064 et
919 4001 1005 4082 quod
1033 4000 1085 4065 lex
1113 4001 1228 4066 habuit
1251 4023 1310 4083 pre
1335 4023 1372 4066 eo
1401 4005 1461 4069 §1-

150 4105 283 4182 dederit,
307 4106 427 4170 solides
451 4106 550 4172 XXX
572 4129 631 4188 pro
656 4107 804 4172 delatura
828 4114 1008 4189 componat.

239 4214 252 4241 *
270 4231 327 4266 nur
345 4215 378 4266 in
399 4221 431 4267 10
450 4216 513 4282 (rit.
533 4215 678 4280 LXXIX).

241 4306 269 4366 2.
315 4303 365 4367 De
389 4325 489 4385 puero
514 4310 570 4367 aul
592 4304 708 4368 liberto
733 4303 852 4368 solidos
876 4303 947 4368 XV.

240 4413 268 4473 3.
314 4411 364 4475 De
387 4411 525 4475 furtibus
549 4432 624 4474 vero
649 4412 721 4474 aliis
744 4411 810 4476 VH
834 4411 963 4475 solidos.

241 4521 269 4581 4.
316 4516 440 4582 Causae
464 4539 538 4582 vero
564 4518 730 4603 dominice,
753 4519 787 4582 in
810 4519 906 4601 triplo
931 4524 1174 4600 componuntur.
