3210 5040
662 270 838 324 Remissoria.

228 453 256 513 6.
291 449 346 513 Fit
368 449 484 512 tertius
509 446 645 524 chunde,
670 445 789 509 solidos
813 444 837 508 O
861 446 1032 527 culpabilis
1054 446 1224 510 iudicetur.

229 559 256 620 1.
289 556 445 619 Actoetus
469 553 603 633 chunde,
627 552 746 615 solidos
771 551 821 616 CO
845 552 1013 634 culpabilis
1035 552 1205 616 iudicetur.

229 667 257 727 8.
290 661 442 725 Triothus
466 660 592 723 chunde
615 657 731 722 therte'
746 659 882 738 chunna,
906 659 1024 722 solidos
1043 658 1100 722 Do
1124 659 1294 741 culpabilis
1317 659 1365 721 iu-

139 771 274 834 dicetur.

230 879 259 941 9.
291 874 348 938 Fit
369 880 470 937 tortos
494 872 621 937 chunde
639 878 695 935 100
711 877 789 953 3013
804 872 940 950 chunna,
964 873 1082 936 solidos
1098 871 1181 936 DCC
1198 871 1366 954 culpabilis

139 983 311 1047 iudicetur.
491 978 498 995 '

596 1084 738 1166 Explicit
761 1084 915 1148 chunnas.

233 1196 242 1226 ¹
267 1195 372 1262 800133
400 1194 524 1259 chanao,
553 1193 601 1245 sol.
620 1191 706 1246 XVII
734 1193 804 1260 0010.
827 1191 886 1246 iud.
910 1192 931 1257 f.
954 1194 980 1246 t.
1010 1193 1063 1256 (aa
1090 1193 1253 1246 besonderea
1278 1194 1306 1260 §l
1327 1199 1367 1246 10.

142 1287 153 1317 ²
176 1286 246 1338 Thac
264 1289 356 1350 septen
375 1283 495 1346 0110300,
514 1281 560 1334 sol.
580 1280 693 1334 XXXV
711 1281 781 1346 0310.
800 1281 859 1334 iud.
878 1281 898 1348 f.
918 1281 943 1334 h.
964 1281 1017 1347 (als
1035 1281 1200 1334 besondercn
1218 1283 1246 1348 §l
1265 1286 1306 1335 10.

487 1509 571 1580 Hoc
595 1514 689 1579 sunt
711 1514 861 1599 septem
885 1529 1035 1580 causas.

410 1637 589 1717 Alleiniger
610 1635 705 1698 Text:
731 1638 750 1698 6
775 1634 917 1717 (Hessels
941 1634 1000 1698 001.
1024 1637 1109 1719 424).

747 1811 777 1882 Ι.

240 1942 267 2002 1.
300 1937 334 2002 81
366 1939 438 2020 0013
465 1938 507 2002 ad
535 1939 669 2001 mallum
695 1938 819 2019 legibus
848 1937 1017 2001 dominicis
1045 1937 1185 2001 manitus
1213 1936 1311 2001 fuerit
1343 1943 1375 2000 01

147 2068 214 2110 000
237 2045 369 2125 venerit,
392 2046 420 2108 si
444 2065 517 2108 eum
541 2045 651 2107 sunnis
674 2065 740 2108 non
763 2044 954 2124 detenuerit,
978 2043 1105 2107 soledos
1125 2043 1188 2108 XV
1207 2044 1375 2125 culpabilis

148 2153 318 2217 iudicetur.
366 2153 393 2214 2.
417 2151 477 2215 Ille
501 2171 576 2214 vero
601 2152 657 2232 001
680 2152 779 2214 alium
801 2156 935 2214 mannet
957 2155 990 2214 01
1012 2150 1080 2232 1030
1104 2172 1168 2214 000
1192 2151 1324 2232 venerit,
1349 2151 1375 2212 si

150 2281 224 2323 eum
248 2258 359 2321 sunnis
382 2278 448 2320 non
472 2257 662 2337 detenuerit,
687 2257 813 2321 soledos
829 2257 892 2320 XV
908 2256 1078 2338 culpabilis
1096 2256 1263 2321 iudicetur.
1297 2261 1325 2320 3.
1342 2256 1376 2320 Si

151 2367 223 2448 quis
246 2364 424 2446 porcellum
446 2370 623 2427 tartussum
645 2363 802 2427 furaverit
824 2385 925 2445 03000
950 2363 991 2427 ad
1015 2363 1225 2443 aniculatum,
1250 2363 1377 2427 soledos
1401 2349 1404 2354 ’

151 2472 222 2536 XV.
262 2474 290 2534 4.
315 2471 445 2552 Siquis
470 2476 673 2552 acceptorem
698 2470 738 2534 de
761 2470 885 2552 pertica
904 2469 1066 2550 fruererit,
1090 2469 1217 2533 soledos
1233 2470 1295 2533 XV
1311 2472 1377 2534 001-

151 2578 268 2661 pabilis
295 2577 464 2641 iudicetur.
512 2581 540 2642 5.
569 2577 603 2641 Si
631 2578 701 2659 quis
729 2577 825 2640 homo
854 2577 910 2658 qui
932 2575 1011 2640 facit
1033 2577 1086 2639 via
1108 2578 1223 2656 latina,
1252 2576 1379 2641 soledos

152 2684 215 2748 XV
232 2683 401 2765 culpabilis
423 2683 593 2747 iudicetur.
636 2687 665 2747 6.
688 2682 723 2751 81
742 2684 813 2765 0013
830 2683 979 2746 mediano
996 2683 1071 2746 dido
1089 2685 1274 2763 excusserit,
1298 2685 1379 2748 sole-

154 2792 212 2854 dos
235 2790 298 2855 XV
322 2790 490 2871 culpabilis
513 2790 683 2854 iudicetur.
731 2792 758 2853 1.
783 2788 817 2854 81
841 2791 913 2871 0013
936 2790 1069 2852 minimo
1093 2789 1169 2853 dido
1194 2791 1380 2871 excusserit,

155 2898 281 2961 soledos
304 2895 376 2960 XV.

523 3036 575 3107 11.
612 3037 669 3105 De
693 3036 835 3107 soledis
857 3035 1013 3106 XXXV.

250 3183 275 3242 1.
304 3178 338 3243 81
362 3180 434 3262 0013
456 3179 491 3243 10
514 3200 616 3242 messe
641 3200 699 3242 sua
722 3201 841 3261 pecora
864 3181 971 3243 311003
993 3181 1152 3244 invenerit
1175 3181 1230 3262 qui
1252 3188 1382 3262 pastore

156 3307 221 3350 000
245 3286 365 3349 habent
388 3291 421 3349 et
444 3306 497 3348 eas
521 3286 688 3349 incluserit
710 3293 747 3350 ut
765 3288 846 3351 nulli
863 3287 1013 3368 paenitus
1028 3287 1212 3350 1000103031
1227 3293 1260 3350 01
1276 3287 1385 3369 311003

158 3415 198 3457 ex
225 3393 304 3474 ipsis
331 3392 502 3473 pecoribus
530 3393 676 3472 perierit,
709 3393 836 3456 soledos
860 3390 990 3456 XXXV
1018 3393 1187 3475 culpabilis
1215 3393 1385 3458 iudicetur.

160 3503 188 3563 2.
213 3498 247 3562 81
272 3500 343 3580 0013
366 3518 481 3561 navem
505 3498 544 3561 de
568 3499 652 3562 intro
678 3501 800 3562 clavem
823 3498 990 3579 furaverit,
1015 3499 1141 3564 soledos
1165 3499 1295 3563 XXXV
1319 3502 1385 3564 cul-

160 3606 278 3688 pabilis
305 3605 476 3668 iudicetur.
524 3608 552 3668 3.
586 3604 1387 3688 8130000010(11010001103301131000000330011,
1493 3658 1495 3661 .

161 3712 289 3775 soledos
312 3711 450 3776 XXXV.
497 3713 526 3774 4.
559 3710 636 3795 (fehl
651 3715 670 3795 ).
717 3715 746 3776 5.
780 3711 814 3776 81
838 3713 908 3793 0013
931 3712 1045 3776 bovem
1069 3711 1236 3791 furaverit,
1260 3714 1387 3777 soledos

161 3817 299 3882 XXXV.
340 3822 367 3882 6.
391 3817 426 3882 81
450 3818 521 3900 0013
545 3816 691 3881 Francus
709 3817 836 3881 Franco
861 3819 1007 3882 auricula
1030 3819 1237 3906 copulaverit,
1261 3820 1388 3885 soledos

162 3923 300 3988 XXX-V.
348 3926 376 3987 7.
408 3922 441 3988 81
471 3924 542 4004 0013
566 3945 695 3987 cervum
718 3924 930 3988 domesticum
954 3926 1010 4006 qui
1034 3925 1158 4007 signum
1182 3925 1388 3991 1131011003-

163 4032 245 4094 verit
268 4037 325 4094 aut
348 4031 507 4106 celaverit,
532 4030 651 4094 solidos
675 4030 813 4094 XXXV.

547 4259 619 4330 111.
653 4260 709 4329 De
733 4259 876 4329 soledis
899 4258 1009 4330 XLV.-

260 4389 285 4448 l.
318 4383 352 4448 81
380 4385 451 4465 0013
479 4406 615 4466 puerum
643 4386 794 4449 crinitum
822 4385 1000 4448 totunderit
1027 4387 1095 4450 3100
1120 4388 1253 4450 00031110
1277 4408 1393 4468 paren·
1424 4408 1428 4417 ’

167 4499 283 4570 torum,
307 4491 431 4554 soledos
454 4491 546 4556 XLV
570 4491 739 4573 culpabilis
762 4492 931 4555 iudicetur.
979 4496 1007 4556 2.
1035 4492 1069 4557 81
1096 4494 1166 4573 0013
1191 4500 1392 4574 acceptorem

1147 4603 1179 4652 7*
