3180 5018
682 230 908 300 Extravagantia.

268 517 446 598 Postquam
470 524 578 578 autem
603 516 729 579 debitor
752 514 905 578 vuadium
930 515 1063 595 dederit,
1086 516 1168 579 liber
1191 517 1262 596 erit,
1286 517 1313 579 si
1331 516 1410 581 fide·

181 626 284 688 iussor
309 625 457 702 moritur,
485 630 618 704 propter
640 623 791 686 vuadium
816 623 902 704 quod
927 605 1032 686 emisit
1054 624 1088 685 in
1113 623 1268 687 debitore.
1315 623 1361 687 Et
1383 625 1411 687 si

182 732 289 795 vivent
311 731 414 809 ambo,
439 730 525 811 quod
550 730 724 812 spopondit
747 730 802 811 qui
818 730 968 792 vuadium
987 729 1078 792 dedit
1093 730 1156 793 det.
1195 729 1239 794 Et
1254 730 1282 792 si
1297 731 1412 794 homo⁸

179 859 243 901 non
269 838 333 915 dat,
356 838 527 900 fideiussor
550 843 706 918 quantum
731 837 906 917 spopondit
928 858 986 917 pro
1002 836 1152 917 neglectu
1169 836 1324 900 debitoris
1340 836 1409 916 det3

180 945 207 1007 si
230 965 304 1023 non,
327 944 404 1026 prob
427 943 531 1008 iectob
555 949 719 1024 conponat
734 943 797 1006 XV
814 943 932 1007 solidos
949 950 982 1008 11
1001 964 1099 1025 supra
1118 943 1203 1024 quod
1228 944 1410 1025 spopondit

268 1058 327 1104 “so
345 1069 398 1104 111
418 1051 510 1118 soom,
530 1053 609 1104 Prae.
629 1056 704 1118 224„
723 1051 941 1119 vorpeschlupea3
960 1052 1039 1104 darno
1058 1051 1091 1103 111
1109 1052 1157 1104 der
1171 1051 1220 1103 Hs.
1280 1049 1412 1105 Ι’11111

187 1141 279 1207 Sobm,
298 1141 332 1194 R.
351 1157 380 1192 a.
404 1141 465 1193 GV.
487 1145 561 1206 169„
580 1141 797 1207 comeseblnpem
812 1140 949 1208 proiectos
968 1141 1000 1192 r'n
1019 1140 1067 1192 der
1085 1140 1134 1192 Hs.

267 1424 356 1488 Nihil
378 1424 473 1489 homo
497 1425 651 1488 sterchire
676 1424 772 1488 debet
794 1425 856 1487 nisi
879 1424 966 1506 quod
995 1425 1024 1487 ei
1048 1445 1088 1487 ex
1110 1423 1292 1488 hereditate
1316 1425 1412 1488 venit.

181 1531 271 1595 Alias
296 1535 382 1614 (vero
406 1534 476 1614 res),
500 1552 580 1612 quas
596 1531 743 1595 Francus
769 1531 911 1612 adquirit
934 1553 973 1594 ex
1000 1531 1122 1595 Franco
1146 1531 1285 1612 homine,
1309 1538 1343 1596 et
1357 1533 1412 1596 ille

180 1639 268 1701 vivus
292 1644 341 1702 est
364 1639 419 1720 qui
443 1639 561 1717 vendit,
585 1638 674 1702 debit
696 1637 751 1701 ille
775 1639 857 1702 alius
881 1640 936 1721 qui
966 1660 1004 1702 ex
1037 1658 1074 1701 eo
1108 1640 1307 1720 comparavit
1339 1660 1412 1721 pro-

180 1744 266 1822 bare,
290 1744 367 1826 quia
388 1745 422 1807 in
447 1766 505 1808 sua
526 1746 725 1826 proprietate
749 1744 891 1808 habebat
914 1765 952 1808 eo
977 1745 1029 1808 die
1052 1745 1124 1808 illas
1148 1766 1199 1809 res
1218 1745 1349 1827 quando
1365 1745 1413 1809 illi

179 1851 325 1914 vendidit
347 1851 456 1933 quieto
481 1851 603 1930 ordine,
628 1858 660 1916 et
682 1857 796 1933 postea
820 1850 890 1914 dari
912 1856 1014 1914 testes
1038 1857 1151 1915 contra
1174 1853 1281 1916 istum.
1318 1852 1413 1917 Etsi

180 1958 234 2020 ille
257 1965 402 2021 mortuus
427 1959 553 2039 estqui
578 1959 730 2038 vendidit,
755 1958 851 2022 debet
873 1957 1019 2039 probare,
1043 1959 1120 2040 quia
1138 1959 1193 2022 illo
1210 1959 1261 2022 die
1282 1959 1412 2042 quando

181 2064 241 2127 sibi
263 2064 407 2128 vendidit
430 2065 473 2148 (in
497 2068 566 2149 sua)
596 2066 794 2146 proprietate
822 2064 962 2128 habebat
990 2065 1099 2146 quieto
1129 2066 1240 2130 ordine
1269 2073 1303 2130 et
1329 2088 1414 2130 mor-

181 2177 256 2234 tuus
281 2177 338 2251 est,
362 2177 395 2235 et
417 2193 482 2235 non
506 2172 602 2236 debet
624 2172 679 2235 ille
703 2173 805 2256 (alios)
829 2176 930 2235 testes
955 2170 1033 2235 dare
1058 2193 1155 2255 super
1178 2173 1279 2255 ipsius
1302 2179 1413 2238 testes.

271 2473 393 2538 Contra
415 2496 507 2538 suum
536 2481 634 2557 caput
662 2481 695 2538 et
722 2481 836 2538 contra
863 2496 955 2538 suam
983 2475 1195 2540 hereditatem
1224 2497 1289 2540 non
1318 2476 1416 2542 debet

180 2581 276 2644 homo
300 2581 447 2662 accipere
470 2587 578 2645 testes.

765 2687 831 2756 IX.

271 2793 305 2858 Si
329 2793 553 2876 quadrupedia
577 2795 754 2859 domestica
782 2797 923 2877 aliquam
951 2795 1088 2860 bestiam
1116 2796 1307 2877 occiderint,
1335 2797 1417 2861 nihil
1444 2797 1447 2801 ’

181 2901 256 2964 inde
280 2901 539 2983 respondendum
565 2909 696 2966 estnec
720 2903 843 2984 ahquid
872 2903 1121 2982 emendandum,
1151 2911 1285 2986 excepto
1314 2904 1415 2969 domi·

181 3029 259 3071 num
283 3008 468 3072 occiderint.
515 3008 608 3072 Etsi
633 3008 776 3072 caballus
800 3009 934 3073 herbam
959 3011 1092 3074 alterius
1109 3011 1242 3091 paverit,
1265 3011 1347 3075 nihil
1367 3031 1417 3076 re·

184 3115 407 3196 spondendum
431 3117 493 3179 erit
515 3129 582 3179 nec'
598 3115 821 3179 includendus.
867 3116 917 3180 De
942 3117 1013 3179 aliis
1037 3118 1232 3181 animalibus
1257 3117 1345 3199 quod
1369 3123 1418 3182 111

183 3222 216 3284 11
240 3223 311 3303 lege
336 3220 443 3286 Salica
466 3223 607 3286 solvetur
630 3222 716 3304 quod
740 3222 949 3303 neglexerint.

773 3398 818 3468 X.

274 3505 323 3570 De
347 3506 498 3571 benefitio
526 3528 591 3571 non
620 3508 716 3572 debet
742 3508 872 3572 trahere
905 3515 1079 3588 auctorem,
1111 3510 1172 3573 nisi
1206 3511 1234 3574 11
1265 3510 1432 3577 mallatus·

182 3612 287 3676 fuerit.
334 3612 429 3694 Quod
450 3614 497 3697 (si)
518 3635 584 3678 non
607 3617 692 3679 malo
721 3615 834 3678 ordine
861 3615 1040 3694 introisset,
1070 3616 1167 3680 debet
1193 3617 1301 3682 iurare
1332 3616 1416 3701 quod

183 3741 242 3783 neo
281 3719 364 3783 malo
402 3721 514 3784 ordine
550 3723 601 3784 vel
638 3743 697 3785 sua
743 3723 935 3786 auctoritate
967 3724 1129 3806 intr0(ivit
1160 3728 1232 3808 aut)
1265 3723 1416 3789 benefitio

182 3825 325 3910 1111)(111).

763 3934 829 4004 x1.
926 3906 928 3911 ’

272 4038 344 4102 Non
367 4046 475 4121 potest
497 4040 593 4104 homo
617 4041 765 4123 migrare,
789 4044 850 4107 nisi
875 4045 1054 4108 convicinis
1078 4051 1111 4109 et
1133 4045 1233 4109 herba
1250 4052 1283 4109 et
1298 4066 1416 4129 aquam

183 4151 217 4208 et
241 4146 291 4208 via
314 4194 477 4208 ......

757 4254 845 4324 XII.

300 4359 334 4423 Si
368 4359 485 4440 aliquis
513 4359 626 4422 mallat
652 4349 814 4426 hominem
843 4363 882 4427 de
911 4386 1112 4447 quacumque
1142 4387 1241 4429 causa
1265 4373 1299 4430 et
1321 4365 1417 4432 dicit:

183 4468 286 4545 „malo
303 4464 567 4551 or(dine⁸fecisti,
584 4489 643 4549 ego
659 4469 851 4553 indet²lales
862 4477 961 4534 testes
972 4472 1103 4553 habeo‘,
1120 4494 1185 4536 non
1196 4472 1294 4537 debet
1303 4480 1419 4541 contra

1312 4780 1439 4819 'ts

1400 4868 1412 4887 ⁶
1451 4871 1508 4969 ,11
