3210 5040
137 277 205 349 Cap.
225 280 275 332 IX.
305 279 372 349 Cap.
393 280 449 349 legi
470 277 578 333 Salicae
596 279 769 348 temporibus
788 278 925 332 Ludovici
944 277 966 329 Ι.
986 274 1161 344 imperatoris
1181 270 1285 324 addita.
1325 269 1366 332 89

138 458 348 521 ecclesiastici
376 464 434 522 aut
460 458 658 522 beneficiarii
686 459 769 522 servi
797 459 881 522 sicut
908 457 1083 520 liberorum
1113 452 1200 517 tradi
1231 455 1289 514 aut
1320 450 1367 513 di-

137 565 224 628 mitti
256 571 404 646 possunt,
437 565 498 629 add
529 567 817 648 interrogationem
841 565 951 628 domni
973 562 1178 644 imperatoris
1203 578 1368 623 reservare

139 672 337 736 volueruntl.

227 785 285 833 'so
304 783 366 834 Em..
386 782 424 848 a,
444 781 582 835 XXXVI:
601 783 665 835 nm.
686 782 726 848 N,
745 783 809 835 Em.
829 781 908 834 EE.
957 777 1017 829 ¹³³0
1036 779 1099 831 Em.
1119 777 1157 844 F3
1175 777 1285 829 uallum
1303 776 1367 828 Em.

139 870 179 935 N,
198 871 261 922 Em.
280 871 341 923 EE.
432 869 629 938 monam
649 887 771 939 persono
794 870 918 937 Em.N;
941 869 1085 922 Ertaia
1169 863 1369 930 damur,

138 959 206 1025 sebit
222 960 285 1012 Em.
306 960 338 1012 N
341 979 347 1026 3
366 961 430 1013 Em.
450 961 511 1013 EE.

231 1050 259 1110 8.
287 1047 337 1111 De
361 1047 479 1112 XLVI.
504 1049 656 1130 capitulo,
680 1047 713 1111 id
738 1054 795 1126 est,
820 1048 875 1129 qui
898 1046 1028 1110 viduam
1051 1046 1085 1108 in
1109 1044 1291 1125 coniugium
1318 1063 1369 1106 ac·
1389 1023 1413 1102 ὅ.
1433 1054 1457 1102 8.

141 1155 248 1235 cipere
271 1154 353 1234 vult,
376 1154 601 1219 iudicaverunt
624 1165 760 1233 omnesst,
785 1161 908 1219 utnon
932 1154 979 1217 ita
1003 1154 1088 1216 sicut
1110 1152 1144 1215 in
1166 1153 1238 1232 lege
1262 1149 1371 1214 Salica

140 1261 295 1343 scriptum
320 1268 369 1325 est
392 1283 463 1325 eam
487 1263 638 1343 accipiat,
670 1262 725 1325 sed
750 1283 823 1325 cum
846 1267 1055 1343 parentorum
1080 1281 1238 1323 consensu
1262 1264 1295 1321 et
1317 1279 1369 1321 vo-

140 1368 279 1448 luntate,
303 1369 409 1433 velutb
432 1391 533 1451 nsque
557 1391 643 1433 nunc
666 1376 887 1433 antecessores
911 1389 1022 1432 eorum
1045 1367 1204 1444 fecerunt,
1237 1367 1271 1429 in
1296 1387 1370 1429 con-

142 1476 264 1556 iugium
288 1476 348 1540 sibi
372 1497 443 1540 eam
468 1483 584 1540 sumat.

230 1589 288 1636 “so
306 1585 370 1637 Em.
390 1583 427 1652 1³3
455 1584 580 1638 domines
597 1586 660 1638 Em.
680 1585 722 1652 N,
741 1585 804 1638 Em.
825 1586 885 1639 ΕΕ.
958 1581 970 1613 ¹³
989 1601 1018 1636 so
1037 1583 1101 1637 Em.
1120 1582 1156 1650 F,
1176 1581 1235 1634 vivo
1254 1583 1317 1635 Em.
1332 1581 1372 1640 N;

232 1765 261 1824 9.
284 1761 334 1824 De
351 1761 487 1825 XLVH.
504 1763 655 1843 capitul0,
680 1762 720 1826 de
744 1783 781 1826 eo
806 1763 861 1844 qni
881 1763 991 1825 villam
1008 1762 1141 1825 alterius
1158 1760 1373 1841 occupaverit.
1393 1778 1416 1814 c·
1437 1765 1461 1813 9.

142 1868 192 1931 De
221 1869 282 1932 hoc
311 1869 453 1949 capitulo
481 1870 720 1949 iudicaverunt,
748 1876 785 1933 ut
812 1870 919 1933 nullus
948 1869 1057 1932 villam
1084 1874 1215 1931 autres
1239 1867 1373 1930 alterius

143 1975 303 2056 migrandi
337 1977 442 2057 gratia
474 1998 532 2057 per
564 1998 666 2040 annos
697 1983 808 2041 tenere
837 1977 888 2040 vel
915 1976 1079 2057 possidere
1107 1975 1222 2056 possit3
1257 1973 1313 2037 sed
1340 1974 1374 2036 in

144 2102 348 2163 quacumque
372 2083 424 2146 die
447 2084 576 2147 invasor
591 2084 720 2147 illarum
736 2106 843 2148 rerum
861 2084 1085 2165 interpellatus
1101 2081 1207 2159 fuerit,
1231 2087 1288 2144 aut
1305 2102 1373 2144 eas-

144 2189 218 2251 dem
246 2211 297 2252 res
327 2192 493 2271 querenti⁰
521 2191 639 2255 reddat
661 2197 719 2254 aut
743 2212 797 2254 eas
821 2193 847 2254 si
871 2198 979 2272 potest
1002 2190 1111 2253 iuxta1
1134 2190 1238 2270 legem
1263 2209 1296 2251 se
1321 2187 1374 2251 de·

143 2295 324 2359 fendend01
349 2296 409 2360 sibi
433 2298 584 2362 vindicet.

233 2410 244 2432 ⁰
262 2421 291 2455 so
310 2405 373 2458 Em.
393 2405 430 2472 F,
450 2407 585 2481 querendi
601 2408 666 2460 Em.
679 2407 712 2460 N
713 2427 720 2473 ς
739 2407 871 2474 patrandi
882 2407 946 2459 Era.
960 2406 1020 2459 ΕΕ.
1091 2405 1100 2435 ¹
1119 2405 1192 2458 iusto
1210 2404 1375 2472 defendendo

144 2493 208 2546 Em.
228 2491 260 2545 F.

238 2584 286 2645 10.
318 2582 368 2646 De
402 2581 565 2648 affatomie
599 2585 750 2675 dixerunt
780 2584 867 2666 quod
894 2582 1195 2676 traditiossiuisset.
1241 2581 1291 2646 De
1314 2582 1376 2644 hoc
1395 2606 1419 2641 c.
1440 2592 1481 2640 10.

146 2689 289 2768 capitulo
317 2690 496 2754 iudicatum
525 2697 585 2771 est,
614 2698 651 2754 ut
677 2692 761 2788 sicut
787 2712 846 2773 per
873 2693 1004 2772 longam
1028 2690 1295 2754 consuetudinem
1319 2709 1375 2751 an-

146 2803 322 2859 tecessores
347 2817 457 2860 eorum
481 2796 636 2861 facientes
656 2798 848 2878 habuerunt,
870 2799 918 2862 ita
934 2805 966 2861 et
982 2818 1093 2862 omnes
1110 2798 1165 2879 qui
1181 2799 1252 2878 lege
1269 2794 1377 2860 Salica

146 2903 265 2983 vivunt,
288 2903 422 2966 inantea
444 2904 585 2968 habeant
608 2912 641 2969 et
663 2905 793 2969 faciant.

237 3016 295 3063 ‘so
313 3012 376 3064 mm.
397 3010 434 3080 F,
453 3013 517 3065 Em.
536 3014 602 3081 ΕΕς
624 3014 743 3067 radiatio
761 3015 826 3068 Em.
845 3015 882 3067 N.

240 3102 289 3162 ll.
327 3099 372 3163 Et
398 3100 460 3164 hoc
491 3101 727 3182 indicaverunt,
760 3108 798 3166 ut
825 3103 852 3165 si
879 3123 989 3166 servus
1017 3108 1140 3165 cartam
1168 3100 1377 3182 ingenuitatis
1397 3122 1419 3157 e.
1441 3109 1482 3156 11.

148 3189 316 3284 adtulerit,
350 3207 396 3269 sil
424 3228 532 3271 servus
564 3209 708 3272 eiusdem
741 3215 829 3294 carte
859 3217 1023 3273 auctorem
1051 3209 1230 3290 legitimum
1258 3207 1377 3270 habere

148 3334 214 3376 non
237 3315 408 3394 potuerit1,
432 3315 561 3379 domino
586 3317 669 3380 servi
691 3317 796 3398 ipsam
820 3322 943 3381 cartam
966 3315 1084 3380 falsare
1107 3317 1213 3380 liceat.

241 3422 249 3452 ¹
267 3422 336 3490 fauo
351 3424 415 3475 nm.
435 3424 496 3476 nn

242 3513 291 3573 12.
323 3511 368 3575 Et
390 3511 452 3575 hoc
474 3511 710 3593 iudicaverunt,
739 3521 776 3578 nt
799 3515 903 3577 omnis
927 3515 982 3595 qui
1005 3513 1101 3576 alteri
1123 3510 1248 3594 aliquid
1272 3512 1380 3595 quprit
1399 3541 1421 3577 o.
1437 3527 1485 3574 212.

149 3619 314 3681 licentiam
338 3618 457 3683 habeat
479 3620 569 3700 prius
593 3641 652 3683 sua
674 3621 860 3684 testimonia
883 3620 1061 3702 producere
1085 3626 1199 3682 contra
1215 3639 1296 3682 eum.
1335 3618 1380 3682 nt

150 3726 177 3788 si
205 3725 259 3788 ille
287 3726 339 3788 cui
363 3726 509 3810 queritur
533 3727 663 3806 dixerit,
692 3728 779 3809 quod
801 3728 927 3810 legibus
951 3733 1063 3791 teneat
1086 3747 1125 3789 ea
1148 3747 1209 3810 que
1233 3731 1324 3789 tenet
1347 3731 1381 3789 et

150 3833 231 3896 talia
259 3839 334 3895 sunt
360 3833 544 3897 testimonia
571 3845 651 3915 que⁸
678 3834 740 3898 hoc
768 3835 926 3898 veraciter
954 3834 1127 3898 adfirmare
1151 3833 1265 3914 possit,
1298 3832 1381 3895 iudi-

151 3946 314 4019 caverunt,
338 3947 374 4003 ut
397 3941 491 4003 huius
515 3941 562 4004 rei
584 3942 704 4005 veritas
728 3940 904 4005 secundum
928 3940 1089 4022 capitulab
1114 3940 1224 4004 domni
1242 3940 1379 4020 impera-

151 4049 244 4126 toris,
277 4069 338 4131 que
371 4049 460 4129 prius
492 4069 551 4129 pro
584 4050 655 4130 lege
687 4048 829 4112 tenenda
860 4048 1041 4126 constituit,
1073 4048 1122 4111 rei
1153 4047 1272 4110 veritas
1306 4068 1381 4110 con-

152 4155 315 4236 probetur.

242 4270 300 4317 ¹so
319 4266 381 4318 Em.
403 4266 468 4333 EE3
492 4265 543 4332 qui
559 4266 623 4318 Em.
646 4266 685 4332 N,
704 4267 767 4319 Em.
788 4265 819 4317 F.
897 4261 957 4316 ιἐο
976 4265 1039 4318 Em.
1059 4263 1096 4329 F3
1115 4263 1237 4330 capitulo
1256 4264 1320 4317 Em.
1341 4262 1381 4329 N,

154 4356 217 4410 Em.
236 4357 297 4410 EE.
