3180 5018
193 245 255 307 100
717 244 892 297 Remisacria.

191 421 231 484 de
254 421 339 484 intro
364 422 452 484 clave
475 419 639 501 furaverit,
663 421 790 486 soledos
813 420 906 485 XLV
929 420 1100 502 culpabilis
1123 421 1306 486 iudicetur.¹
1333 424 1362 485 3.
1386 421 1420 487 Si

190 527 262 609 0010
285 537 413 598 ascum⁰
437 527 476 591 de
500 528 586 591 intro
610 529 699 592 clave
723 527 886 608 furaverit,
910 527 1037 591 soledos
1060 526 1153 591 XLV
1176 527 1347 608 culpabilis
1371 529 1419 591 iu-

190 633 324 698 dicetur.
363 638 391 698 4.
416 633 450 699 81
473 635 545 716 0010
568 641 696 716 pratum
721 635 862 698 alienum
885 634 1051 714 secaverit,
1075 634 1188 697 exinde
1211 633 1322 698 fenum
1345 656 1419 699 cum

190 761 281 804 carro
314 741 356 804 ad
388 740 519 804 domum
552 762 642 804 suam
671 741 800 804 duxerit
828 746 861 803 01
888 740 1133 822 discargaverit,
1166 741 1293 805 soledos
1317 740 1418 805 XLV.

190 849 218 911 5.
243 845 366 929 Siquis
383 847 458 911 dido
474 849 605 928 polcare
621 848 806 927 excusserit,
830 847 958 910 soledos
974 846 1073 910 XLV.
1112 850 1140 910 6.
1165 845 1198 911 Si
1214 848 1286 929 quis
1301 869 1418 912 nasum

189 955 395 1035 capulaverit,
419 954 545 1017 soledos
569 953 669 1018 XLV.
711 958 738 1018 V.
763 952 796 1017 Si
817 953 887 1034 0010
903 953 999 1016 homo
1015 955 1178 1035 ma'ncipia
1194 955 1302 1017 aliena
1317 955 1419 1036 pedes

187 1059 338 1142 fugitivos
361 1060 566 1142 recolligent,
589 1060 716 1125 soledos
739 1059 840 1124 XLV.

276 1173 287 1198 ⁸
305 1185 412 1221 cescum
430 1173 454 1221 6.

423 1325 489 1396 IV.
517 1327 574 1395 De
597 1325 740 1396 soledis
764 1325 873 1394 LXII
896 1345 985 1394 cum
1009 1324 1178 1395 dimidio.

279 1489 306 1549 1.
330 1485 365 1550 81
384 1487 456 1568 0010
472 1486 512 1550 de
529 1488 648 1568 sagitta
662 1487 806 1551 toxicata
821 1486 985 1550 hominem
1002 1487 1204 1568 sagittaverit
1220 1493 1253 1550 et
1268 1488 1416 1568 evaserit,

188 1593 315 1657 soledos
330 1592 429 1656 LXII
452 1615 525 1656 cum
549 1593 683 1657 dimidio
708 1593 878 1674 culpabilis
901 1593 1071 1656 iudicetur.
1113 1595 1142 1656 2.
1165 1591 1199 1657 81
1223 1593 1294 1674 0010
1318 1593 1414 1658 homo

186 1700 250 1764 alio
275 1699 452 1763 adsallierit
476 1706 508 1763 et
531 1721 590 1766 000
614 1721 704 1763 arma
727 1707 760 1764 01
783 1700 930 1764 occidere
946 1701 1085 1763 voluerit
1100 1705 1133 1763 et
1147 1705 1293 1763 retentus
1308 1698 1415 1780 fuerit,

187 1807 315 1870 soledos
329 1805 427 1869 LXII
451 1828 524 1869 cum
548 1807 681 1869 dimidio
707 1807 875 1889 culpabilis
895 1807 1065 1870 iudicetur.
1104 1809 1133 1870 3.
1157 1805 1280 1888 Siquis
1297 1827 1415 1889 corpus

187 1913 343 1975 occissum
376 1913 537 1977 hominem
571 1919 744 1994 antequam
776 1915 811 1977 in
841 1919 930 1976 terra
960 1914 1110 1977 mittatur
1140 1914 1175 1976 in
1207 1912 1329 1976 furtum
1361 1935 1415 1978 ex·

185 2019 364 2100 poliaverit,
388 2020 514 2084 soledos
537 2019 636 2084 LXII
660 2040 733 2083 cnm
756 2020 897 2084 dimidio.
936 2023 966 2083 4.
990 2019 1024 2084 81
1048 2021 1119 2101 0010
1141 2019 1249 2084 villam
1274 2020 1414 2084 alienam

185 2126 351 2204 invaserit,
380 2126 476 2190 LXII
504 2149 577 2190 oum
602 2126 745 2190 dimidie.
792 2130 820 2190 5.
850 2125 884 2191 81
908 2127 979 2208 0010
1002 2147 1134 2190 manum
1158 2127 1291 2190 alterius
1315 2147 1414 2208 capu·

185 2231 301 2296 laverit
324 2239 357 2296 et
378 2233 450 2314 ipsa
472 2254 588 2297 manca
610 2233 809 2314 pependerit,
832 2233 930 2296 LXII
953 2254 1025 2296 cum
1050 2232 1192 2296 dimidio.
1232 2236 1260 2296 6.
1284 2231 1414 2316 Siquis

184 2341 218 2402 10
240 2338 362 2402 furtum
386 2340 547 2404 elocatum
571 2344 703 2421 accepto
727 2341 852 2421 praetio
875 2340 1038 2403 hom-mem
1062 2339 1208 2403 occidere
1224 2341 1363 2404 voluerit
1380 2346 1415 2405 et

186 2446 216 2508 ei
238 2445 337 2510 fuerit
360 2445 583 2528 adprobatum,
607 2447 734 2510 soledos
757 2446 855 2510 LXII
878 2467 951 2510 oum
975 2444 1117 2510 dimidio.

616 2711 662 2782 V.
696 2712 753 2780 De
776 2711 919 2781 soledis
944 2711 980 2780 0.

276 2876 303 2935 1.
327 2871 360 2936 81
384 2873 455 2954 0010
478 2871 641 2935 hominem
666 2879 827 2935 mortuum
852 2871 1010 2935 exfoderit
1034 2879 1066 2935 et
1085 2873 1305 2952 expoliaverit,
1329 2874 1412 2938 sole·

185 2978 243 3042 dos
268 2977 300 3042 O.
347 2982 376 3042 2.
405 2978 439 3043 81
467 2979 538 3060 0010
562 2978 727 3041 hominem
752 2978 963 3042 dormientem
988 2979 1021 3041 in
1045 2977 1166 3041 furtum
1191 2979 1411 3061 expoliaverit,

185 3085 311 3149 soledos
336 3083 369 3149 O.
415 3088 444 3148 3.
473 3083 506 3149 81
534 3104 609 3147 vero
637 3084 792 3148 infantem
821 3083 1411 3167 101100010000101010000100111,

185 3192 311 3256 soledos
335 3190 368 3256 G.
415 3195 444 3254 4.
472 3189 507 3255 81
535 3192 606 3272 0010
633 3189 728 3254 homo
752 3192 909 3270 ingenuus
933 3191 1072 3254 alienum
1095 3191 1197 3254 lidum
1221 3197 1313 3255 extra
1337 3213 1428 3257 con»

185 3298 290 3361 silium
323 3297 445 3362 domini
477 3298 527 3360 001
561 3302 636 3360 0010
664 3317 738 3378 rege
766 3318 823 3378 pro
853 3297 1019 3361 denarium
1047 3298 1221 3378 ingenuum
1245 3298 1411 3379 dimiserit,

184 3404 311 3468 soledos
335 3403 368 3469 O.
415 3408 444 3468 5.
474 3403 508 3468 81
532 3404 604 3485 0010
628 3405 722 3467 alteri
745 3425 876 3467 manum
900 3406 1077 3468 excusserit
1100 3405 1291 3486 autlingua
1313 3426 1411 3488 capu·

183 3512 298 3575 laverit
329 3515 386 3574 001
418 3511 609 3574 castraverit
640 3516 696 3574 aut
728 3511 869 3575 verenda
899 3511 1201 3592 transcapulaverit,
1234 3511 1411 3578 soledcsC

183 3617 352 3699 culpabilis
375 3616 545 3681 iudicetur.
593 3620 621 3680 6.
653 3615 686 3680 Si
715 3619 786 3699 quis
814 3618 975 3681 hominem
1004 3619 1178 3699 ingenuum
1203 3619 1271 3682 sine
1294 3639 1410 3683 manus

183 3731 216 3788 et
238 3725 337 3806 pedes
361 3744 444 3806 0000
466 3724 588 3786 inimici
607 3724 656 3787 sui
671 3725 704 3787 10
720 3725 773 3788 via
787 3725 1011 3806 relinquerunt
1026 3725 1145 3806 quique
1162 3746 1235 3789 eum
1252 3725 1409 3808 occiserit,

182 3831 307 3896 soledos
324 3830 357 3895 O.
397 3833 425 3894 7.
449 3828 552 3894 Simili
575 3830 670 3895 modo
695 3832 750 3913 qui
774 3832 872 3895 alium
895 3832 929 3894 in
950 3831 1066 3913 pelago
1082 3831 1258 3912 inpinxerit
1273 3838 1306 3896 01
1320 3833 1409 3898 vivus

182 3939 297 4003 exinde
320 3938 465 4012 evaserit,
489 3937 618 4002 soledos
642 3937 666 4001 0
690 3939 860 4020 culpabilis
883 3938 1052 4001 iudicetur.

590 4203 655 4274 VI.
688 4203 745 4272 De
768 4203 912 4273 001οᾱ10
936 4204 1002 4273 00.

274 4370 299 4428 l.
323 4364 357 4430 81
381 4365 453 4446 0010
475 4363 638 4428 hominem
662 4365 717 4446 qni
741 4365 879 4445 migrare
901 4364 1051 4444 desponit
1068 4370 1100 4428 et
1116 4364 1155 4428 de
1172 4365 1240 4446 regi
1256 4364 1408 4430 habuerit

179 4477 389 4556 praeceptum
417 4475 450 4534 01
477 4469 592 4551 aliquis
621 4477 735 4534 contra
762 4471 965 4534 ordinatione
994 4471 1078 4552 regis
1103 4477 1189 4534 stare
1212 4478 1406 4552 praesumet,
