3210 5040
310 287 377 358 Cap.
397 287 446 342 IV.
472 294 504 341 12
523 286 605 356 (XC).
633 288 678 343 De
697 304 731 342 00
749 289 798 358 qui
816 304 861 342 res
879 288 985 341 alienas
1002 285 1188 343 furtivaverit.
1324 289 1362 351 ’11

253 521 296 586 12
320 516 415 602 (XC).
456 517 526 603 [De
550 537 596 587 00
620 517 774 606 quires
798 515 946 586 alienas
969 516 1249 602 furtivaverit].

226 659 259 724 Si
287 661 358 742 quis
387 681 439 723 res
463 659 584 723 alienas
607 659 807 724 furtivaverit
830 665 863 724 01
886 680 960 723 suas
983 658 1113 723 fuisset⁸
1135 680 1201 723 non
1225 660 1368 741 potuerit

137 766 326 848 adprobare,
350 767 402 829 cui
425 765 626 830 furtivaverit
648 765 768 830 solidos
791 765 855 830 XV
879 765 1048 847 culpabilis
1072 765 1241 830 iudicetur.

225 880 236 902 ³
254 879 280 927 01
296 874 317 942 f.
336 874 362 927 lu
382 874 445 926 um.
469 873 499 938 Q.
535 868 537 874 ’

194 1069 239 1167 13
263 1065 380 1153 (XCI).
415 1067 485 1153 [De
510 1087 556 1137 eo
580 1067 647 1156 qui
671 1065 844 1136 alienum
867 1069 996 1136 ortum
1019 1070 1089 1137 aut
1110 1066 1298 1137 nabinam

640 1171 864 1261 effregerit]

207 1389 209 1394 Α
227 1299 260 1364 81
284 1300 356 1381 quis
381 1304 487 1363 ortum
503 1304 561 1362 aut
575 1299 728 1362 nabinam
745 1297 915 1381 effregerit,
938 1297 996 1362 DC
1014 1299 1156 1363 dinarios
1172 1300 1228 1382 qui
1243 1298 1368 1362 faciunt

138 1406 258 1470 solidos
280 1405 344 1471 XV
368 1404 537 1486 culpabilis
560 1405 730 1470 iudicetur.

201 1641 248 1705 14
270 1635 405 1722 (XCII).
440 1635 511 1721 [De
534 1634 676 1705 liberto
700 1635 767 1725 qui
790 1635 920 1706 aliena
942 1635 1085 1706 liberta
1108 1636 1309 1727 rapuerit]

228 1777 262 1843 81
295 1780 366 1861 quis
395 1779 530 1843 libertus
557 1780 708 1843 libertam
737 1780 877 1844 alienam
899 1781 1059 1862 rapuerit,
1091 1778 1200 1845 DCCC
1226 1780 1369 1844 dinarios

139 1887 195 1968 qui
213 1885 338 1950 faciunt
353 1885 472 1949 solidos
488 1885 555 1949 XX
571 1885 739 1968 culpabilis
761 1886 931 1951 iudicetur.
965 1887 1079 1951 Preter
1095 1886 1272 1968 graphione
1296 1886 1368 1950 soli-

141 1994 199 2057 dos
222 1993 255 2056 X
279 1994 384 2056 solvat
406 1998 439 2056 01
463 1993 578 2056 mulier
601 1992 643 2056 ad
666 1998 861 2074 potestatem
885 1993 1007 2057 domini
1031 1994 1081 2058 sui
1103 1999 1294 2058 revertatur.
1336 1991 1371 2058 81

139 2101 313 2181 ingenuam
336 2100 488 2182 rapuerit,
513 2099 553 2163 de
576 2101 644 2163 vita
666 2120 725 2163 sua
749 2106 919 2182 conponat.

139 2332 184 2398 15
199 2328 361 2415 (XCIII).
406 2328 477 2413 [De
501 2348 547 2398 eo
572 2328 640 2418 qui
663 2328 832 2399 alterum
855 2329 1098 2420 inputaverit
1120 2329 1370 2420 periurasse].

231 2470 265 2537 81
289 2473 360 2553 quis
385 2472 521 2535 alterum
545 2471 760 2554 inculpaverit
782 2473 965 2554 periurasse
990 2478 1023 2536 et
1046 2473 1075 2536 01
1096 2475 1239 2554 potuerit
1255 2474 1372 2555 adpro·

141 2580 232 2658 bare,
256 2578 319 2641 XV
342 2578 461 2641 solidos
485 2585 648 2661 conponat
671 2580 726 2660 qui
749 2580 904 2660 periurat.
950 2578 985 2644 Si
1007 2584 1118 2643 tamen
1141 2601 1206 2644 non
1228 2581 1372 2662 potuerit

141 2685 323 2766 adprobare
356 2686 412 2767 qui
444 2687 565 2749 crimen
598 2685 728 2766 dixerit,
761 2685 881 2750 solidos
908 2685 973 2751 XV
1000 2687 1104 2750 solvat
1136 2692 1169 2751 et
1200 2694 1316 2768 postea
1344 2689 1371 2751 11

142 2813 237 2855 ausus
260 2791 358 2855 fuerit
380 2799 510 2874 pugnet.

210 3024 257 3089 16
281 3021 436 3107 (XCIV).
484 3022 555 3108 [De
579 3042 624 3092 eo
649 3022 716 3112 qui
740 3023 788 3092 de
812 3021 912 3092 falso
935 3022 1161 3093 testimonio
1184 3023 1306 3093 fuerit

629 3129 890 3219 adprobatus}

232 3253 266 3318 81
289 3256 344 3337 qui
363 3254 437 3318 falsi
452 3260 552 3318 testes
568 3253 667 3319 fuerit
683 3254 862 3336 adprobati,
886 3255 1000 3337 quinos
1017 3255 1116 3320 denos
1133 3255 1252 3320 solidos
1269 3257 1373 3320 multa

144 3362 318 3441 sustineat,
349 3362 376 3425 si
400 3382 474 3425 vero
499 3363 572 3443 qui⁸
596 3362 641 3424 eis
664 3361 879 3444 inculpaverit
902 3361 989 3443 quod
1011 3360 1129 3425 falsum
1151 3363 1372 3427 testimonium

145 3467 308 3531 dedissent
334 3488 466 3531 manum
494 3489 586 3532 suam
614 3469 723 3531 inenm
751 3469 861 3532 mittat
889 3474 922 3532 et
945 3469 1028 3533 sicut
1051 3490 1130 3533 sana
1152 3471 1265 3534 tulerit
1288 3470 1372 3533 siout

144 3575 289 3655 superius
318 3575 456 3637 diximus
486 3575 582 3638 simili
610 3575 712 3638 multa
736 3575 926 3638 sustineant.
973 3574 1007 3639 81
1031 3581 1118 3640 certe
1141 3597 1273 3640 manum
1297 3597 1371 3639 con-

142 3680 238 3745 buret
260 3681 323 3745 XV
348 3681 467 3745 solidos
493 3682 646 3744 damnum
670 3681 837 3745 sustineat.

231 3789 324 3856 ει11111
343 3789 405 3842 aa.
430 3787 460 3852 o.
778 3787 781 3792 ·

144 3981 342 4067 171Χο11).
389 3982 459 4068 [De
488 3993 552 4052 eoa
579 3982 663 4071 qui⁸
691 3981 861 4051 alienam
887 3982 1090 4052 mulierem
1112 3982 1204 4054 vivo
1232 3983 1372 4054 marito

675 4087 839 4174 tulerit]

233 4213 267 4278 81
290 4216 361 4296 quis
384 4236 518 4278 uxorem
542 4215 681 4278 alienam
704 4214 817 4278 tulerit
839 4214 1042 4279 vivomarito
1061 4217 1263 4302 [1111111101]
1282 4216 1373 4280 dina·

145 4320 209 4383 rios
231 4320 349 4384 VHIM
373 4322 427 4403 qui
450 4320 574 4385 faciunt
597 4320 716 4384 solidos
740 4319 790 4385 CC
815 4320 983 4402 culpabilis
1006 4322 1175 4386 iudicetur.

232 4435 243 4457 ·
260 4429 328 4496 felc
345 4429 407 4482 aa.
426 4430 456 4494 o.
