3210 5040
196 229 238 290 70
286 194 354 295 Gap:
374 225 425 279 IV.
444 229 460 276 6
478 222 659 291 (LXXXIV).
688 221 742 291 [De
761 237 793 274 eo
813 221 861 291 qui
880 221 995 288 porcina
1014 219 1105 272 adiano
1124 219 1159 272 do
1177 220 1224 274 via
1242 215 1410 287 ostiaverit]
1496 264 1500 268 ,

194 494 219 558 6
235 488 466 576 (LXXXIV).
490 487 561 575 [De
579 507 624 557 eo
641 485 708 576 qui
723 484 882 576 porcina
897 484 1027 554 aliena
1043 484 1092 554 de
1107 483 1175 554 via
1192 483 1426 570 ostiaverit].

282 633 316 698 Si
340 633 411 716 quis
435 632 570 714 porcina
594 630 633 694 de
657 631 710 694 via
732 651 791 694 sua
813 628 990 693 hostaverit
1010 627 1061 691 vel
1076 628 1269 692 matriamen
1288 628 1327 692 de
1344 628 1430 692 silva

194 740 384 806 involaverit
417 745 474 804 aut
505 737 678 820 lignarium
711 758 808 818 quem
840 737 923 799 alter
956 735 1158 816 capulavarit
1189 736 1240 798 vel
1267 735 1302 797 in
1330 755 1427 799 oarro

194 847 429 931 carricaverit,a
455 866 514 927 pro
543 850 682 925 utraque
706 864 803 906 eausa
826 841 883 906 DC
909 842 1052 906 dinarios
1077 841 1132 923 qui
1154 840 1279 906 faciunt
1303 841 1428 906 solidos
1506 831 1511 834 ¹

194 954 257 1019 XV
280 942 451 1036 oulpabilis
474 951 643 1016 iudicetur.

282 1068 293 1091 ⁸
311 1061 465 1115 oeroooerit
482 1061 544 1112 Em.
563 1057 594 1122 Q.

216 1295 238 1361 1
261 1288 468 1378 (mxxv).
498 1287 551 1375 [ss
575 1286 660 1376 quis
683 1305 827 1356 navem
851 1285 1020 1356 anonam
1042 1305 1111 1376 per
1134 1284 1216 1356 vsm
1238 1254 1402 1372 aneae]

284 1432 319 1497 Si
343 1433 414 1514 quis
437 1453 552 1495 navem
575 1453 633 1513 per
656 1431 720 1493 vim
743 1430 862 1510 tulerit,
885 1428 942 1493 Do
967 1429 1110 1493 dinarios
1135 1430 1190 1511 qui
1209 1427 1335 1493 faciunt
1350 1429 1425 1494 soli-

196 1540 253 1604 dos
277 1539 340 1603 XV
366 1538 535 1620 culpabilis
559 1538 729 1602 iudicetur.

197 1791 222 1854 8
244 1785 469 1875 (LXXXVI).
503 1785 573 1871 [De
595 1805 640 1855 eo
661 1783 837 1873 quicum
858 1803 973 1854 servo
991 1783 1119 1854 alieno
1134 1784 1427 1873 negotiaverit)

285 1929 319 1995 si
347 1931 419 2012 quis
446 1930 604 2011 ingenuus
634 1937 724 1991 euma
747 1936 856 1991 servo¹¹
879 1927 985 1990 alieno
1009 1927 1193 1991 nescienteb
1216 1928 1346 1992 domino
1370 1950 1427 1994 ne-

195 2037 365 2120 gotiaverit
387 2042 445 2100 aut
469 2057 542 2100 oum
565 2035 680 2098 liberto
704 2035 738 2097 in
760 2033 837 2097 villa
858 2035 1039 2097 1166616116θ
1060 2033 1189 2097 domino
1206 2036 1429 2117 negotiaverit,

195 2143 252 2209 DC
277 2144 419 2207 dinarios
444 2143 499 2224 qui
522 2141 646 2205 faciunt
669 2141 787 2207 solidos
811 2140 875 2204 XV
899 2140 1067 2222 culpabilis
1091 2142 1260 2205 iudicetur.

284 2257 295 2280 ⁸
312 2251 379 2319 fehlt
397 2251 460 2303 nm.
484 2250 514 2314 Q.
587 2247 599 2278 ¹³
617 2249 749 2302 1161116616
768 2249 831 2302 Em.
854 2249 884 2312 Q.
957 2254 966 2278 ⁰
984 2249 1117 2302 desidente
1136 2249 1199 2302 Em.
1223 2249 1253 2313 Q.

256 2477 553 2566 9.(LXXXV11).
592 2478 662 2565 [De
687 2497 734 2653 elol
757 2476 823 2567 qui
847 2497 961 2548 servo
987 2477 1116 2548 alieno
1140 2477 1224 2548 sine
1249 2497 1368 2548 eausa

723 2584 914 2673 'gaverit.]

286 2729 321 2793 Si
345 2730 415 2811 quis
440 2730 507 2792 sine
531 2749 631 2793 causa
654 2749 708 2793 eos
731 2728 880 2810 ligaverit
896 2734 929 2791 61
945 2727 1088 2791 eifuerit
1104 2728 1327 2810 adprobatum,
1352 2727 1432 2807 OC†

197 2836 341 2899 dinarios
365 2836 420 2918 qui
443 2835 567 2899 faciunt
590 2836 710 2899 solidos
734 2835 822 2910 VH†
846 2834 1016 2916 culpabilis
1040 2835 1209 2898 iudicetur.

285 2943 450 3009 †oerdorbt,
470 2959 498 2994 es
516 2959 595 2995 mass
613 2943 744 2996 entweder
763 2940 922 2996 CCLXXX
942 2941 999 2994 din.
1020 2941 1084 2994 oder
1102 2941 1149 2995 sol.
1169 2942 1196 2996 V
1212 2941 1338 3011 aessens

277 3172 325 3240 10
348 3169 619 3257 (LXXXVIH).
667 3169 721 3257 [si
744 3170 830 3258 quis
853 3190 979 3240 messe
1004 3169 1134 3241 aliena
1157 3171 1343 3260 glennare

672 3277 951 3367 presumserit)

287 3419 321 3484 Si
350 3421 421 3502 quis
448 3420 482 3483 in
507 3426 644 3484 messem
668 3421 807 3484 alienam
832 3422 899 3484 sine
924 3422 1056 3485 oonsilio
1081 3421 1270 3502 glenaverit,
1300 3420 1357 3486 DC
1382 3423 1432 3488 di-

199 3529 305 3591 narios
330 3528 386 3609 qui
409 3525 534 3590 faciunt
558 3528 677 3591 solidos
700 3527 764 3590 XV
787 3527 956 3609 culpabilis
980 3528 1150 3592 iudicetur.

301 3779 340 3843 11
364 3773 594 3860 (LXXXIX).
634 3775 704 3861 [De
728 3794 774 3844 eo
798 3773 866 3863 qui
889 3774 1060 3844 alienam
1082 3777 1323 3847 mansionem

669 3880 955 3972 expoliaverit).

286 4022 320 4086 Si
352 4024 423 4105 quis
456 4025 656 4088 mansionem
689 4025 899 4106 expoliaverit
931 4025 982 4088 vel
1014 4026 1047 4087 in
1076 4027 1275 4090 mansionem
1305 4027 1429 4108 aliquid

196 4129 382 4209 comederit,
405 4128 463 4193 DC
485 4130 626 4194 dinarios
646 4132 701 4212 qui
716 4131 840 4195 faciunt
856 4131 976 4195 solidos
992 4131 1056 4195 XV
1072 4131 1241 4213 culpabilis
1257 4134 1428 4198 iudicetur.

193 4234 238 4300 Et
272 4235 327 4318 qui
359 4237 393 4298 in
424 4236 529 4318 ipsam
557 4238 757 4301 mansionem
785 4244 842 4302 aut
870 4244 990 4301 sortem
1019 4238 1142 4319 aliquid
1169 4240 1273 4320 patrio
1302 4245 1427 4304 taratro

195 4341 292 4407 fuerit
315 4322 446 4422 factum,
470 4345 522 4406 oni
545 4343 760 4426 adprobatum
783 4344 881 4408 fuerit
905 4347 993 4429 [acre
1009 4343 1188 4430 brastasit],
1213 4344 1269 4409 Do
1286 4347 1428 4410 dinarios

196 4450 251 4532 qui
274 4448 397 4514 faciunt
421 4449 540 4514 solidos
563 4449 627 4514 XV
651 4451 821 4531 culpabilis
843 4450 1013 4514 iudicetur.
